@inproceedings{palkar2015e2,
  title={E2: a framework for NFV applications},
  author={Palkar, Shoumik and Lan, Chang and Han, Sangjin and Jang, Keon and Panda, Aurojit and Ratnasamy, Sylvia and Rizzo, Luigi and Shenker, Scott},
  booktitle={Proceedings of the 25th Symposium on Operating Systems Principles},
  pages={121--136},
  year={2015},
  organization={ACM}
}

@article{gember2012stratos,
  title={Stratos: Virtual middleboxes as first-class entities},
  author={Gember, Aaron and Grandl, Robert and Anand, Ashok and Benson, Theophilus and Akella, Aditya},
  journal={UW-Madison TR1771},
  year={2012}
}

@article{gember2015opennf,
  title={OpenNF: Enabling innovation in network function control},
  author={Gember-Jacobson, Aaron and Viswanathan, Raajay and Prakash, Chaithan and Grandl, Robert and Khalid, Junaid and Das, Sourav and Akella, Aditya},
  journal={ACM SIGCOMM Computer Communication Review},
  volume={44},
  number={4},
  pages={163--174},
  year={2015},
  publisher={ACM}
}

@techreport{Han:EECS-2015-155,
    Author = {Han, Sangjin and Jang, Keon and Panda, Aurojit and Palkar, Shoumik and Han, Dongsu and Ratnasamy, Sylvia},
    Title = {SoftNIC: A Software NIC to Augment Hardware},
    Institution = {EECS Department, University of California, Berkeley},
    Year = {2015},
    Month = {May},
    URL = {http://www.eecs.berkeley.edu/Pubs/TechRpts/2015/EECS-2015-155.html},
    Number = {UCB/EECS-2015-155}
    }

    @inproceedings{sekar2012design,
  title={Design and implementation of a consolidated middlebox architecture},
  author={Sekar, Vyas and Egi, Norbert and Ratnasamy, Sylvia and Reiter, Michael K and Shi, Guangyu},
  booktitle={Presented as part of the 9th USENIX Symposium on Networked Systems Design and Implementation (NSDI 12)},
  pages={323--336},
  year={2012}
}

@inproceedings{bremler2015openbox,
  title={OpenBox: Enabling Innovation in Middlebox Applications},
  author={Bremler-Barr, Anat and Harchol, Yotam and Hay, David},
  booktitle={Proceedings of the 2015 ACM SIGCOMM Workshop on Hot Topics in Middleboxes and Network Function Virtualization},
  pages={67--72},
  year={2015},
  organization={ACM}
}

@inproceedings{khalid2016paving,
  title={Paving the way for NFV: simplifying middlebox modifications using StateAlyzr},
  author={Khalid, Junaid and Gember-Jacobson, Aaron and Michael, Roney and Abhashkumar, Anubhavnidhi and Akella, Aditya},
  booktitle={13th USENIX Symposium on Networked Systems Design and Implementation (NSDI 16)},
  pages={239--253},
  year={2016}
}

@inproceedings{sherry2015rollback,
  title={Rollback-Recovery for Middleboxes},
  author={Sherry, Justine and Gao, Peter Xiang and Basu, Soumya and Panda, Aurojit and Krishnamurthy, Arvind and Maciocco, Christian and Manesh, Maziar and Martins, Jo{\~a}o and Ratnasamy, Sylvia and Rizzo, Luigi and others},
  booktitle={Proceedings of the 2015 ACM Conference on Special Interest Group on Data Communication},
  pages={227--240},
  year={2015},
  organization={ACM}
}

@inproceedings{anderson2012xomb,
  title={xOMB: extensible open middleboxes with commodity servers},
  author={Anderson, James W and Braud, Ryan and Kapoor, Rishi and Porter, George and Vahdat, Amin},
  booktitle={Proceedings of the eighth ACM/IEEE symposium on Architectures for networking and communications systems},
  pages={49--60},
  year={2012},
  organization={ACM}
}

@inproceedings{zhang2016opennetvm,
  title={OpenNetVM: A Platform for High Performance Network Service Chains},
  author={Zhang, Wei and Liu, Guyue and Zhang, Wenhui and Shah, Neel and Lopreiato, Phil and Todeschi, Gregoire and Ramakrishnan, KK and Wood, Timothy},
  booktitle={Proceedings of the 2016 ACM SIGCOMM Workshop on Hot Topics in Middleboxes and Network Function Virtualization. ACM},
  year={2016}
}

@inproceedings{rajagopalan2013split,
  title={Split/merge: System support for elastic execution in virtual middleboxes},
  author={Rajagopalan, Shriram and Williams, Dan and Jamjoom, Hani and Warfield, Andrew},
  booktitle={Presented as part of the 10th USENIX Symposium on Networked Systems Design and Implementation (NSDI 13)},
  pages={227--240},
  year={2013}
}

@inproceedings{rajagopalan2013pico,
  title={Pico Replication: A high availability framework for middleboxes},
  author={Rajagopalan, Shriram and Williams, Dan and Jamjoom, Hani},
  booktitle={Proceedings of the 4th annual Symposium on Cloud Computing},
  pages={1},
  year={2013},
  organization={ACM}
}

@article{kohler2000click,
  title={The Click modular router},
  author={Kohler, Eddie and Morris, Robert and Chen, Benjie and Jannotti, John and Kaashoek, M Frans},
  journal={ACM Transactions on Computer Systems (TOCS)},
  volume={18},
  number={3},
  pages={263--297},
  year={2000},
  publisher={ACM}
}

@article{hwang2015netvm,
  title={NetVM: high performance and flexible networking using virtualization on commodity platforms},
  author={Hwang, Jinho and Ramakrishnan, KK and Wood, Timothy},
  journal={IEEE Transactions on Network and Service Management},
  volume={12},
  number={1},
  pages={34--47},
  year={2015},
  publisher={IEEE}
}

@article{decandia2007dynamo,
  title={Dynamo: amazon's highly available key-value store},
  author={DeCandia, Giuseppe and Hastorun, Deniz and Jampani, Madan and Kakulapati, Gunavardhan and Lakshman, Avinash and Pilchin, Alex and Sivasubramanian, Swaminathan and Vosshall, Peter and Vogels, Werner},
  journal={ACM SIGOPS Operating Systems Review},
  volume={41},
  number={6},
  pages={205--220},
  year={2007},
  publisher={ACM}
}

@incollection{han2015softnic,
  title={SoftNIC: A software NIC to augment hardware},
  author={Han, Sangjin and Jang, Keon and Panda, Aurojit and Palkar, Shoumik and Han, Dongsu and Ratnasamy, Sylvia},
  year={2015}
}

@article{chs-rapc-16,
  author = {Dominik Charousset and Raphael Hiesgen and Thomas C. Schmidt},
  title = {{Revisiting Actor Programming in C++}},
  journal = {Computer Languages, Systems \& Structures},
  volume = {45},
  year = {2016},
  month = "April",
  pages = {105--131},
  publisher = {Elsevier}
}

@inproceedings{pfaff2015design,
  title={The design and implementation of open vswitch},
  author={Pfaff, Ben and Pettit, Justin and Koponen, Teemu and Jackson, Ethan and Zhou, Andy and Rajahalme, Jarno and Gross, Jesse and Wang, Alex and Stringer, Joe and Shelar, Pravin and others},
  booktitle={12th USENIX symposium on networked systems design and implementation (NSDI 15)},
  pages={117--130},
  year={2015}
}

@inproceedings{martins2014clickos,
  title={ClickOS and the art of network function virtualization},
  author={Martins, Joao and Ahmed, Mohamed and Raiciu, Costin and Olteanu, Vladimir and Honda, Michio and Bifulco, Roberto and Huici, Felipe},
  booktitle={Proceedings of the 11th USENIX Conference on Networked Systems Design and Implementation},
  pages={459--473},
  year={2014},
  organization={USENIX Association}
}

@article{mckeown2008openflow,
  title={OpenFlow: enabling innovation in campus networks},
  author={McKeown, Nick and Anderson, Tom and Balakrishnan, Hari and Parulkar, Guru and Peterson, Larry and Rexford, Jennifer and Shenker, Scott and Turner, Jonathan},
  journal={ACM SIGCOMM Computer Communication Review},
  volume={38},
  number={2},
  pages={69--74},
  year={2008},
  publisher={ACM}
}

@inproceedings{zhou2013scalable,
  title={Scalable, high performance ethernet forwarding with CuckooSwitch},
  author={Zhou, Dong and Fan, Bin and Lim, Hyeontaek and Kaminsky, Michael and Andersen, David G},
  booktitle={Proceedings of the ninth ACM conference on Emerging networking experiments and technologies},
  pages={97--108},
  year={2013},
  organization={ACM}
}

@inproceedings{pagh2001cuckoo,
  title={Cuckoo hashing},
  author={Pagh, Rasmus and Rodler, Flemming Friche},
  booktitle={European Symposium on Algorithms},
  pages={121--133},
  year={2001},
  organization={Springer}
}

@inproceedings{chandra2007paxos,
  title={Paxos made live: an engineering perspective},
  author={Chandra, Tushar D and Griesemer, Robert and Redstone, Joshua},
  booktitle={Proceedings of the twenty-sixth annual ACM symposium on Principles of distributed computing},
  pages={398--407},
  year={2007},
  organization={ACM}
}

@inproceedings {199352,
author = {Aurojit Panda and Sangjin Han and Keon Jang and Melvin Walls and Sylvia Ratnasamy and Scott Shenker},
title = {NetBricks: Taking the V out of NFV},
booktitle = {12th USENIX Symposium on Operating Systems Design and Implementation (OSDI 16)},
year = {2016},
month = Nov,
address = {GA},
url = {https://www.usenix.org/conference/osdi16/technical-sessions/presentation/panda},
publisher = {USENIX Association},
}

@inproceedings{litton2016light,
  title={Light-Weight Contexts: An OS Abstraction for Safety and Performance},
  author={Litton, James and Vahldiek-Oberwagner, Anjo and Elnikety, Eslam and Garg, Deepak and Bhattacharjee, Bobby and Druschel, Peter},
  booktitle={12th USENIX Symposium on Operating Systems Design and Implementation (OSDI 16)},
  year={2016},
  organization={USENIX Association}
}

@inproceedings{newell2016optimizing,
  title={Optimizing distributed actor systems for dynamic interactive services},
  author={Newell, Andrew and Kliot, Gabriel and Menache, Ishai and Gopalan, Aditya and Akiyama, Soramichi and Silberstein, Mark},
  booktitle={Proceedings of the Eleventh European Conference on Computer Systems},
  pages={38},
  year={2016},
  organization={ACM}
}

@misc{dpdk,
title = {{Intel Data Plane Development Kit}},
howpublished = {\url{http://dpdk.org/}}
}

@misc{netmap,
title = {{Netmap}},
howpublished = {\url{info.iet.unipi.it/~luigi/netmap/}}
}

@misc{bess,
title = {{BESS: Berkeley Extensible Software Switch}},
howpublished = {\url{https://github.com/NetSys/bess}}
}

@misc{actor-wiki,
title = {{Actor Modle}},
howpublished = {\url{https://en.wikipedia.org/wiki/Actor_model}}
}

@misc{actor-persistence,
title = {{Actor Persistence}},
howpublished = {\url{http://doc.akka.io/docs/akka/snapshot/scala/persistence.html}}
}

@misc{akka,
title = {{Scala Akka}},
howpublished = {\url{akka.io/}}
}

@misc{erlang,
title = {{Erlang}},
howpublished = {\url{https://www.erlang.org/}}
}

@misc{Orleans,
title = {{Orleans}},
howpublished = {\url{research.microsoft.com/en-us/projects/orleans/}}
}

@misc{caf,
title = {{C++ Actor Framework}},
howpublished = {\url{http://actor-framework.org/}}
}

@misc{http-keep-alive,
title = {{HTTP Keep Alive}},
howpublished = {\url{https://en.wikipedia.org/wiki/HTTP_persistent_connection}}
}

@misc{ffmpeg,
title = {{FFMPEG}},
howpublished = {\url{https://ffmpeg.org/}}
}

@misc{ftp,
title = {{FTP}},
howpublished = {\url{https://en.wikipedia.org/wiki/File_Transfer_Protocol}}
}

@misc{bro,
title = {{Bro}},
howpublished = {\url{https://www.bro.org/}}
}

@misc{firewall,
title = {{iptables}},
howpublished = {\url{https://en.wikipedia.org/wiki/Iptables}}
}

@misc{lvs,
title = {{Linux Virtual Server}},
howpublished = {\url{www.linuxvirtualserver.org/}}
}

@misc{squid,
title = {{Squid Caching Proxy}},
howpublished = {\url{www.squid-cache.org/}}
}

@misc{blizzard,
title = {{Blizzard Entertainment}},
howpublished = {\url{blizzard.com/}}
}

@misc{groupon,
title = {{Groupon}},
howpublished = {\url{https://www.groupon.com/}}
}

@misc{nfv-white-paper,
title = {{NFV White Paper}},
howpublished = {\url{https://portal.etsi.org/nfv/nfv_white_paper.pdf}}
}

@misc{criu,
title = {{CRIU}},
howpublished = {\url{https://criu.org/Main_Page}}
}

@misc{nfa,
title = {{NFActor}},
howpublished = {\url{https://github.com/sigcomm17p44}}
}
